<record><leader>02117cam a2200517 i 45 0</leader><controlfield tag="001">6754319</controlfield><controlfield tag="003">OCoLC</controlfield><controlfield tag="005">20141208130322.0</controlfield><controlfield tag="008">141023t20152015oncab    b    001 0 eng  </controlfield><datafield ind1=" " ind2=" " tag="016"><subfield code="a">20149069421</subfield></datafield><datafield ind1=" " ind2=" " tag="020"><subfield code="a">9781442650350 (bound)</subfield></datafield><datafield ind1=" " ind2=" " tag="020"><subfield code="a">1442650354 (bound)</subfield></datafield><datafield ind1=" " ind2=" " tag="020"><subfield code="a">9781442628380 (pbk.)</subfield></datafield><datafield ind1=" " ind2=" " tag="020"><subfield code="a">1442628383 (pbk.)</subfield></datafield><datafield ind1=" " ind2=" " tag="035"><subfield code="a">ocn894141097</subfield></datafield><datafield ind1=" " ind2=" " tag="040"><subfield code="a">NLC</subfield><subfield code="b">eng</subfield><subfield code="e">rda</subfield><subfield code="c">NLC</subfield><subfield code="d">OCLCO</subfield><subfield code="d">AEGMCT</subfield></datafield><datafield ind1=" " ind2=" " tag="043"><subfield code="a">n-us---</subfield><subfield code="a">n-cn---</subfield></datafield><datafield ind1=" " ind2="4" tag="050"><subfield code="a">HD7288.72.U5</subfield><subfield code="b">H69 2015</subfield></datafield><datafield ind1=" " ind2="0" tag="055"><subfield code="a">HD7288.72 U5</subfield><subfield code="b">H69 2014</subfield></datafield><datafield ind1="0" ind2="4" tag="082"><subfield code="a">304.8/73</subfield><subfield code="2">23</subfield></datafield><datafield ind1=" " ind2=" " tag="090"><subfield code="a">HD 7288.72 U5 H69 2015</subfield><subfield code="b">ARDC</subfield></datafield><datafield ind1=" " ind2=" " tag="090"><subfield code="a">HD 7288.72 U5 H69 2015</subfield><subfield code="b">AFMK</subfield></datafield><datafield ind1=" " ind2=" " tag="090"><subfield code="a">HD7288.72 .U5 H69 2015</subfield><subfield code="b">AEGMCT</subfield></datafield><datafield ind1=" " ind2=" " tag="090"><subfield code="a">HD 7288.72 U5 H69 2015</subfield><subfield code="b">AEU</subfield></datafield><datafield ind1="0" ind2="4" tag="245"><subfield code="a">The housing and economic experiences of immigrants in US and Canadian cities /</subfield><subfield code="c">edited by Carlos Teixeira and Wei Li.</subfield></datafield><datafield ind1=" " ind2="1" tag="264"><subfield code="a">Toronto :</subfield><subfield code="b">University of Toronto Press,</subfield><subfield code="c">[2015]</subfield></datafield><datafield ind1=" " ind2="4" tag="264"><subfield code="c">&#169;2015</subfield></datafield><datafield ind1=" " ind2=" " tag="300"><subfield code="a">xv, 389 pages :</subfield><subfield code="b">illustrations, maps ;</subfield><subfield code="c">24 cm</subfield></datafield><datafield ind1=" " ind2=" " tag="336"><subfield code="a">text</subfield><subfield code="b">txt</subfield><subfield code="2">rdacontent</subfield></datafield><datafield ind1=" " ind2=" " tag="337"><subfield code="a">unmediated</subfield><subfield code="b">n</subfield><subfield code="2">rdamedia</subfield></datafield><datafield ind1=" " ind2=" " tag="338"><subfield code="a">volume</subfield><subfield code="b">nc</subfield><subfield code="2">rdacarrier</subfield></datafield><datafield ind1=" " ind2=" " tag="504"><subfield code="a">Includes bibliographical references and index.</subfield></datafield><datafield ind1=" " ind2=" " tag="596"><subfield code="a">8 16 35 55</subfield></datafield><datafield ind1=" " ind2="0" tag="650"><subfield code="a">Immigrants</subfield><subfield code="x">Housing</subfield><subfield code="z">United States.</subfield></datafield><datafield ind1=" " ind2="0" tag="650"><subfield code="a">Immigrants</subfield><subfield code="x">Housing</subfield><subfield code="z">Canada.</subfield></datafield><datafield ind1=" " ind2="0" tag="650"><subfield code="a">Immigrants</subfield><subfield code="z">United States</subfield><subfield code="x">Economic conditions.</subfield></datafield><datafield ind1=" " ind2="0" tag="650"><subfield code="a">Immigrants</subfield><subfield code="z">Canada</subfield><subfield code="x">Economic conditions.</subfield></datafield><datafield ind1=" " ind2="0" tag="650"><subfield code="a">Urban economics.</subfield></datafield><datafield ind1="1" ind2=" " tag="700"><subfield code="a">Teixeira, Carlos,</subfield><subfield code="e">editor.</subfield></datafield><datafield ind1="1" ind2=" " tag="700"><subfield code="a">Wei, Li,</subfield><subfield code="d">1957-,</subfield><subfield code="e">editor.</subfield></datafield><datafield ind1=" " ind2=" " tag="999"><subfield code="h">GMAC-OS-B</subfield></datafield><datafield ind1=" " ind2=" " tag="947"><subfield code="b">QAC</subfield><subfield code="f">QGM</subfield><subfield code="h">GMAC-OS-B</subfield><subfield code="p">48.78</subfield><subfield code="q">1</subfield><subfield code="z">9781442628380</subfield></datafield><datafield ind1=" " ind2=" " tag="926"><subfield code="a">HD 7288.72 U5 H69 2015</subfield><subfield code="w">LC</subfield><subfield code="c">1</subfield><subfield code="i">34917001375604</subfield><subfield code="l">ON_SHELF</subfield><subfield code="m">KEYANO</subfield><subfield code="p">$34.36</subfield><subfield code="r">Y</subfield><subfield code="s">Y</subfield><subfield code="t">BOOK</subfield><subfield code="u">12/8/2014</subfield><subfield code="o">.STAFF. Rec'd May/15 MW</subfield></datafield><datafield ind1=" " ind2=" " tag="926"><subfield code="a">HD7288.72 .U5 H69 2015</subfield><subfield code="w">LC</subfield><subfield code="c">1</subfield><subfield code="i">1007558214</subfield><subfield code="d">5/5/2015</subfield><subfield code="l">ON_SHELF</subfield><subfield code="m">GR_MAC_ACC</subfield><subfield code="p">$32.52</subfield><subfield code="r">Y</subfield><subfield code="s">Y</subfield><subfield code="t">BOOK</subfield><subfield code="u">4/27/2015</subfield></datafield><datafield ind1=" " ind2=" " tag="926"><subfield code="a">HD 7288.72 U5 H69 2015</subfield><subfield code="w">LC</subfield><subfield code="c">1</subfield><subfield code="i">0162034862274</subfield><subfield code="l">ON_SHELF</subfield><subfield code="m">UAAUG</subfield><subfield code="p">$150.00</subfield><subfield code="r">Y</subfield><subfield code="s">Y</subfield><subfield code="t">BOOK</subfield><subfield code="u">10/21/2015</subfield><subfield code="z">COUTTS_ADD</subfield></datafield><datafield ind1=" " ind2=" " tag="926"><subfield code="a">HD 7288.72 U5 H69 2015</subfield><subfield code="w">LC</subfield><subfield code="c">1</subfield><subfield code="i">30125302471080</subfield><subfield code="l">FLOOR_2</subfield><subfield code="m">RED_DEER_C</subfield><subfield code="r">Y</subfield><subfield code="s">Y</subfield><subfield code="t">BOOK</subfield><subfield code="u">3/10/2016</subfield></datafield></record>